@article{Fulanito1999,
    author = {Cosme Fulanito},
    title = {Towards a theory of verifiable multidimensional personality shifting},
    journal = {Annual Reviews},
    year = {1999},
    volume = {1},
    number = {1},
    pages = {1--2000}
}

@book{Bonaparte75,
    author = {Bonaparte, Napoleón and Tañeda, Lucas},
    isbn = {00000000},
    title = {{Gente como tú y como yo}},
    year = {1975},
   	publisher = {ChespirINC},
	address = {Enrique Segoviano}
}

@article{Brown,
    author = {Emmet L. Brown},
    title = {A treatise on flux-condensed time phasing},
    journal = {The Biannual Hill Valley University Journal},
    year = {1985},
    volume = {1},
    number = {1},
    pages = {15--0}
}
