@article{Fulanito1999,
    author = {Adrian Crespo},
    title = {Como utilizar Cron y Crontab en Linux para progrmar tareas},
    year = {2017}
    
    
}

@book{Bonaparte75,
    author = {Bonaparte, Napoleón and Tañeda, Lucas},
    isbn = {00000000},
    title = {{Gente como tú y como yo}},
    year = {1975},
   	publisher = {ChespirINC},
	address = {Enrique Segoviano}
}

@article{Brown,
    author = {Emmet L. Brown},
    title = {A treatise on flux-condensed time phasing},
    journal = {The Biannual Hill Valley University Journal},
    year = {1985},
    volume = {1},
    number = {1},
    pages = {15--0}
}
